2628 4712
50 328 58 336 ,
167 231 204 326 .’
278 249 307 344 ι
501 235 686 340 dupino
701 237 739 314 a
758 236 859 364 nro
872 227 1065 316 annua:
1137 299 1140 310 .

15 507 17 524 ,
96 376 98 389 1
129 493 134 508 ,
282 436 355 536 egit
372 429 429 508 vir
448 379 687 521 dedidimus,
719 447 928 528 novamque
954 441 991 504 et
1014 425 1119 528 plane
1139 419 1301 526 srnguia·

115 585 119 592 -
280 560 361 616 rem
375 529 580 634 fragmento
591 528 661 608 'diis
674 531 792 606 iucem
806 528 932 607 afferre
944 544 1097 608 conatus
1113 525 1177 626 est5
1197 535 1301 608 irrito

284 655 426 733 tamen,
448 649 489 713 ut
511 633 671 729 videtur,
693 630 759 708 aus
780 690 789 710 .

299 753 301 762 ’
361 737 600 818 Authentiam
620 755 748 816 contra
762 752 799 813 et
814 729 923 812 sidem
941 729 1231 836 fragmentorum
1250 739 1301 813 in

285 841 440 947 fringere
459 837 669 918 studuerunt
686 837 893 940 sequentes:

363 967 460 1024 rou.
481 964 715 1023 nauticus
739 964 939 1020 unsruus
967 943 1007 1017 in
1030 939 1301 1018 Exercitationi·

23 1027 34 1046 ⁸
131 1107 139 1150 χ
248 1141 254 1156 ⁸
287 1052 356 1130 bus
375 1045 598 1126 familiaribus
620 1044 665 1122 de
684 1039 873 1124 Zoroastre
892 1041 1103 1140 Bactriano,
1123 1039 1301 1120 Hermen

286 1147 544 1250 Trismegisio‚
564 1148 881 1227 Sanchuniatbone
902 1145 1100 1240 Phoenicio
1122 1163 1191 1224 etc.
1231 1147 1299 1223 No

124 1331 127 1342 .
166 1329 170 1346 ,
286 1253 385 1338 rimb.
409 1260 517 1330 1661.
541 1271 574 1340 8.
601 1279 651 1311 ε-
703 1239 870 1345 Ur'srnun
891 1247 1119 1350 quicquidde
1138 1245 1301 1326 Sanchu·

287 1360 463 1440 niathone
482 1371 657 1452 narratur,
702 1379 746 1433 ro
760 1345 977 1454 supposititio
990 1349 1118 1450 habet,
1136 1376 1184 1430 eo
1200 1375 1301 1453 prae«

122 1553 125 1560 .
287 1459 407 1540 sertim
425 1475 642 1557 argumento
662 1377 810 1553 ditius,
829 1454 934 1555 quod
955 1453 1078 1532 Suidae
1095 1455 1239 1532 nullam
1260 1459 1301 1533 hi

290 1562 417 1644 sturiae
436 1561 663 1658 Phoenicum
682 1557 820 1660 abipso
840 1557 953 1636 editae
970 1561 1195 1649 mentionem
1216 1565 1301 1654 iniq

288 1673 399 1758 ecrit,
419 1665 619 1764 multasque
645 1679 826 1764 ppaeterea
851 1658 985 1740 fabulas
1008 1658 1301 1747 Sanchuniatbor

192 1783 202 1844 '.
290 1763 438 1851 rituum
457 1764 666 1847 exhibuerit.
1053 1833 1056 1840 ,
1145 1823 1149 1834 .
1300 1829 1301 1832 a

159 1877 186 1934 ‘,
371 1891 605 1950 nennrcus
625 1874 847 1946 ooowrm
864 1871 901 1942 in
919 1855 1095 1970 Diseourse
1114 1867 1301 1970 corcnnirq

256 1991 259 2008 '
290 1972 579 2073 Santonorum,
594 1971 716 2050 adteri.
733 1969 843 2048 eiued.
875 1962 959 2045 Two
976 1968 1104 2044 Leiierr
1117 1962 1162 2071 ‘s
1169 1968 1301 2058 Addici

292 2077 448 2182 quarum
510 2083 582 2154 rior
611 2073 799 2154 'sactorum
839 2069 1008 2180 ordinum
1034 2069 1301 2170 susceptionem

230 2213 233 2222 ¹
290 2176 468 2286 posterior
523 2175 580 2253 rdii
594 2177 787 2275 theologici
801 2179 978 2251 rationem
994 2173 1170 2275 expendit.
1198 2173 1301 2254 Lond

136 2345 156 2368 „
217 2269 246 2294 ’“
299 2289 409 2372 1680.
436 2263 639 2367 ⁸8.'Tertia
662 2285 742 2355 vice
763 2275 840 2354 ibid.
865 2283 972 2367 1691.
1002 2295 1036 2362 8.
1074 2275 1120 2352 Et
1142 2267 1301 2355 ineiusd

293 2377 641 2484 OperibusAngiice
653 2379 751 2458 editis
765 2377 843 2454 ibid.
860 2403 966 2470 ¹7²3·
984 2396 1019 2466 3.
1040 2397 1074 2479 p.
1091 2396 1137 2468 84
1153 2375 1257 2481 seqq,
1271 2423 1300 2440 .

290 2475 416 2562 Primo
440 2481 585 2581 Anglus
616 2475 832 2558 acuiiffimus
873 2479 1057 2575 observat,
1095 2504 1208 2558 omne
1249 2509 1300 2586 pn

204 2658 206 2669 .
295 2585 622 2664 Sanchuniathonis
644 2581 854 2662 authoritate
873 2601 1126 2684 argumentum
1152 2595 1300 2664 maxim

244 2747 249 2762 ,
288 2695 334 2767 in
355 2687 606 2794 Porphyrium
631 2691 695 2786 qui
718 2692 756 2764 in
781 2686 872 2766 libro
892 2686 938 2762 de
958 2683 1162 2765 abstinentia
1181 2687 1230 2764 ab
1257 2691 1300 2767 es

177 2809 181 2815 ’
288 2797 413 2877 carnis
439 2809 522 2868 ante
547 2786 737 2868 Eusebium
768 2789 857 2867 iilius
883 2795 956 2866 iam
984 2793 1188 2867 meminerit
1216 2789 1300 2894 frag

295 2915 491 2996 menteque
519 2891 735 2990 exhibuerit,
760 2893 920 2990 revolvi,
947 2887 1086 2971 vafrum
1109 2891 1300 2974 hominen

295 3015 408 3177 etque
425 2995 474 3074 ob
491 2995 526 3074 id
548 2993 660 3098 ipsum
682 2993 777 3116 haud
798 3000 980 3075 immerito
993 2991 1201 3097 suspedium.
1237 3000 1300 3090 De

290 3107 379 3178 ine
414 3099 561 3202 probat,
599 3104 783 3174 neminem
823 3099 970 3175 Panum
1008 3093 1193 3195 ecclesiae,
1242 3097 1300 3181 sad

116 3186 120 3196 ¹
217 3291 223 3301 p
260 3259 264 3278 .
296 3222 394 3300 ante,
414 3197 490 3280 sive
509 3198 589 3306 post
601 3202 840 3303 Porphyrium
861 3207 1026 3298 vixerint,
1048 3226 1096 3278 ne
1109 3199 1300 3284 Tatianus

289 3301 456 3407 quidem,
477 3301 673 3410 quamlibet
685 3298 887 3406 Assyrium,
921 3327 1115 3406 rerumque
1133 3309 1170 3380 in
1193 3305 1300 3390 Phor

151 3411 156 3422 '
198 3415 203 3430 '
288 3413 390 3486 'nicia
405 3407 581 3509 gestarum
598 3411 747 3484 minime
767 3425 962 3510 expertem,
982 3409 1040 3485 vei
1056 3406 1207 3486 verbulo
1224 3397 1300 3492 Sars

290 3511 550 3592 enodationis
566 3507 682 3588 facete
702 3516 937 3590 mentionem.
968 3509 1179 3588 Mirandum
1198 3533 1299 3611 porr

293 3611 428 3711 docet,
450 3611 569 3716 quod,
587 3637 674 3689 cum
689 3614 790 3690 musti
806 3611 898 3694 adeo
914 3631 1079 3716 veterum
1098 3611 1299 3715 scriptorur

298 3723 339 3794 in
359 3715 631 3819 conquirendis,
653 3715 797 3792 Graece
812 3715 989 3794 vertendis
1005 3731 1113 3814 atque
1134 3719 1299 3822 euuiger

69 3899 72 3908 ,
183 3803 188 3812 ’
234 3836 240 3848 ’
296 3819 354 3896 dis
377 3819 601 3899 Phoenicum
627 3823 857 3896 monimentis
880 3815 1136 3918 occupatissimi
1167 3815 1297 3902 suerin

217 3995 222 4024 Ι
290 3923 437 4018 immo,
467 3945 552 3998 oum
576 3921 746 4022 Iosephus
772 3927 809 3997 in
835 3919 909 4024 ipsa
938 3919 1048 4020 usque
1080 3921 1299 4108 archivorqp

1259 4055 1269 4102 i

293 4011 536 4152 metricum,
559 4023 679 4104 abdita
710 4031 920 4128 penetrarit,
962 4043 1059 4102 unus
1092 4041 1251 4204 tamenS

293 4160 298 4171 ·
332 4175 341 4192 ·
699 4157 703 4170 ·
1254 4157 1299 4212 ar
