2628 4712
137 201 168 216 ''
255 185 258 194 ¹
280 207 331 290 οῦ
350 145 374 334 ζ’
442 183 444 198 ’
478 157 725 304 ἱδιίῇηοηέιίο
742 201 951 311 geogtmlt'r·
965 179 1102 299 &prita-
1124 211 1128 226 ·

184 425 187 434 ’
282 388 384 504 =prltrrt
401 389 451 477 ibi
468 387 578 482 obvia
596 385 694 468 suffla
713 385 888 470 observo
932 385 1125 490 Quantum
1141 381 1303 490 adgen-

284 499 381 595 tilet,
410 518 505 598 quae
532 490 655 596 polle'a
680 492 725 570 ibi
748 493 994 588 invaluerunt,
1022 489 1303 596 superstitiones,

217 637 222 648 ¹
284 605 435 682 nomina
453 596 634 680 idolomm
652 595 881 698 quorundam
901 619 947 672 ex
966 599 1199 674 monimentis
1213 595 1303 672 Par·

284 707 445 806 myrenit
458 695 734 780 commemorat
765 693 1064 777 Christianismum
1081 715 1204 776 tamen
1222 705 1303 799 pri·

285 814 354 886 mit
380 803 492 886 statim
518 803 738 905 temporibus
763 801 898 884 radicet
921 797 968 879 ibi
995 799 1119 904 egisse,
1150 802 1303 904 persua·

130 979 136 993 t
284 907 363 989 sum
388 905 515 1000 habet,
545 923 582 986 et
599 904 792 1008 Episcopus
820 905 1117 1008 quosdam'urbie
1145 927 1192 980 ex
1212 901 1303 981 sub·

282 1009 528 1114 teupuombua
546 1007 795 1090 Conciliorum
816 1013 954 1090 excitat.
1012 1009 1086 1085 lam
1109 1029 1222 1108 porro
1259 1005 1303 1084 ad

18 1119 25 1133 ‘
138 1135 145 1146 “
275 1121 382 1210 ¹traria
415 1109 485 1190 fata
517 1109 751 1214 Palmyrenae
783 1111 879 1200 urbis
911 1109 1137 1188 describenda
1166 1117 1303 1212 pergit,

282 1215 443 1298 Odenati
470 1221 631 1292 intimis
657 1239 701 1292 ac
727 1213 906 1292 Zenobiae
934 1220 1097 1316 tenipora
1130 1219 1303 1314 pingens,

46 1397 49 1408 ,
170 1333 174 1342 ’
282 1317 671 1422 atquevi''1tudinet
697 1335 734 1396 et
758 1323 938 1400 interitum
961 1317 1055 1395 urbis
1076 1317 1138 1393 sub
1155 1317 1303 1392 Multa·

156 1485 165 1496 .
281 1421 442 1504 medenis
467 1445 623 1500 narrans.
684 1417 877 1524 Appendix
906 1426 1044 1498 criticas
1069 1414 1149 1496 sistit
1168 1416 1303 1496 obser·

174 1561 185 1584 -2
283 1531 467 1618 vationes,
489 1549 526 1601 v.
544 1547 577 1602 c.
599 1522 702 1625 super
721 1541 877 1624 utroque
895 1523 990 1602 urbis
1006 1529 1166 1618 nomine,
1188 1519 1303 1600 Tad-

92 1658 96 1678 =
125 1697 134 1708 .
281 1642 365 1706 mor
391 1633 560 1706 niarium
580 1643 618 1704 et
643 1627 825 1728 Palmyrat
858 1623 961 1728 super
987 1624 1195 1726 nominibus
1216 1623 1303 1702 Pal·

190 1747 192 1755 '
280 1751 539 1831 myrenorum,
562 1755 721 1832 quorum
735 1736 773 1806 in
787 1727 1066 1831 inscriptionibus
1079 1722 1119 1806 fit
1133 1733 1303 1817 meatim

144 1895 147 1902 .
280 1831 385 1933 super
411 1829 665 1932 magdbatibus
689 1849 725 1912 et
751 1831 897 1933 publicis
915 1831 1218 2010 Palnthenotum
1247 1829 1303 1912 os·

101 1933 124 2022 ¹,
270 1927 383 2029 ,dolie
404 1934 535 2014 ibidem
555 1941 782 2023 memoratist
806 1932 908 2034 super
921 1933 1018 2014 idolo
1033 1938 1146 2014 atticis
1156 1957 1303 2010 eorum

113 2055 140 2110 .·
218 2057 220 2062 '
280 2034 597 2140 l'trperllitionibust
625 2037 727 2140 super
746 2037 973 2134 Vaballatho‚
1000 2044 1036 2115 in
1057 2041 1179 2114 numia
1204 2027 1303 2114 aliis*

144 2163 148 2170 ·
305 2163 353 2218 uc
384 2137 684 2244 Palmyrenorum
716 2146 948 2220 monimentis
977 2157 1303 2230 commemoratoi

220 2289 224 2294 =
319 2265 382 2344 per
402 2242 575 2344 Longino
593 2261 662 2322 etc.
713 2243 754 2320 ln
770 2240 1065 2339 Commentario,
1087 2248 1190 2326 cuius
1209 2247 1303 2320 titur

202 2339 205 2354 '
277 2345 335 2422 lus
354 2352 530 2441 meminit,
554 2345 590 2423 id
611 2343 811 2448 praesertim
831 2353 902 2445 agit
921 2345 1059 2442 audior,
1082 2361 1219 2422 uttam
1247 2354 1302 2424 vi·

229 2477 233 2488 ¹
258 2451 339 2541 tia,
358 2453 501 2550 quaein
517 2447 760 2548 inscriptiones
775 2448 1019 2550 Palmyrenae,
1039 2443 1114 2526 sive
1126 2463 1302 2528 veterno

278 2543 548 2646 statuariorum,
570 2545 645 2626 save
668 2545 924 2652 exscriptorum
945 2553 1048 2650 culpa
1068 2547 1302 2652 irrepserunt

279 2647 464 2751 diligenter
491 2650 678 2749 emendet,
714 2669 794 2732 tunt
821 2653 968 2738 lacunas
994 2653 1168 2755 suppleat,
1206 2673 1253 2733 et
1285 2655 1302 2740 s

74 2803 84 2852 ,ι
281 2776 375 2852 quae
394 2751 440 2830 ad
464 2749 643 2832 instoriam
670 2762 831 2858 ritusque
857 2773 997 2836 vereret
1027 2763 1247 2854 pertinentia
1273 2767 1301 2840 ir

179 2873 203 2962 j
279 2860 322 2934 iit
336 2873 555 2952 occurrunt,
576 2855 726 2936 studiose
741 2876 903 2940 annotet.
917 2901 969 2922 ···
1001 2855 1058 2944 ci.
1078 2855 1167 2938 Aba
1183 2859 1301 2940 Erun

150 3021 156 3034 .
281 2956 401 3060 Suppl.
420 2958 472 3036 T.
481 2959 538 3036 111.
559 2984 591 3061 p.
607 2980 809 3057 89—102.
834 2961 895 3040 ubi
909 2970 1014 3043 etiam
1027 2962 1200 3040 ruderum
1216 2961 1301 3048 Pal

278 3083 407 3163 mytae
426 3059 639 3164 conspectus
656 3073 692 3140 in
713 3065 830 3142 tabula
850 3079 962 3144 'aenea
985 3065 1180 3144 exhibetur.

106 3169 269 3242 nitunt.
356 3185 517 3248 rncoar
555 3175 849 3250 ananrdtorr
885 3171 1120 3248 Litteratutae
1158 3171 1301 3252 veteri

133 3267 138 3276 '
278 3265 513 3370 Palmyrenae
526 3269 745 3370 indagandae
766 3289 801 3348 et
820 3271 998 3349 eruendae
1017 3278 1161 3349 ratioet
1181 3267 1300 3370 speci

268 3369 397 3449 *men*
434 3369 666 3488 Franguntur
705 3399 887 3467 1704.4;
921 3391 957 3452 et
989 3373 1159 3452 inaltud.
1192 3373 1300 3482 Opp

84 3552 93 3568 ,
173 3503 181 3524 ⁸
277 3472 569 3586 philol.·(UliruJ.
592 3503 699 3570 apua.
721 3484 770 3572 4.)
795 3503 827 3580 p.
845 3485 1147 3574 639-685.·-
1191 3477 1300 3562 Mul

195 3616 199 3624 ,
278 3592 353 3652 tarn
381 3597 530 3675 operam
564 3581 712 3657 inanem
748 3581 832 3660 huio
870 3599 1085 3682 argumento
1119 3586 1300 3690 imperati

276 3676 387 3779 Belga
405 3676 666 3760 eruditissunus.
1117 3719 1121 3734 ’

104 3789 268 3854 nolanam
354 3801 625 3862 aauauoorr
647 3779 852 3864 Dissertatio
873 3785 995 3886 paullo
1014 3801 1098 3864 ante
1118 3781 1299 3870 laudata.

106 3900 261 3988 tanqa-
354 3901 608 3968 ocravrntr,
630 3909 834 3964 PULLBYN
859 3882 955 3990 ostm
973 3881 1299 3995 Insmpiiunsoun

278 3984 394 4072 iniit
424 3985 615 4095 Lortgttpga
644 3988 865 4104 Palmyrena,
902 3987 973 4078 aad
1002 3989 1143 4070 notin
1160 3993 1299 4174 {atras

10 4137 14 4150 ·
93 4117 100 4144 i
908 4151 919 4158 ·
1254 4127 1298 4210 “a
